@article{pardo,
  title={Modeling Form for On-line Following of Musical Performances},
  author={Bryan Pardo and William Birmingham},
  journal={National Conference on Artificial Intelligence},
  volume={20},
  number={},
  pages={1-6},
  year={2005},
  publisher={American Association for Artificial Intelligence}
}
@article{dannenberg,
  title={An On-Line Algorithm for Real-Time Accompaniment},
  author={Roger B. Dannenberg},
  journal={Proceedings of the 1984 International Computer Music Conference},
  volume={},
  number={},
  pages={193-198},
  year={1984},
  publisher={International Computer Music Association}
}
